Month,Sales
2001-01,15
2001-02,16
2001-03,18
2001-04,27
2001-05,21
2001-06,49
2001-07,21
2001-08,22
2001-09,28
2001-10,36
2001-11,40
2001-12,3
2002-01,21
2002-02,29
2002-03,62
2002-04,65
2002-05,46
2002-06,44
2002-07,33
2002-08,62
2002-09,22
2002-10,12
2002-11,24
2002-12,3
2003-01,5
2003-02,14
2003-03,36
2003-04,40
2003-05,49
2003-06,7
2003-07,52
2003-08,65
2003-09,17
2003-10,5
2003-11,17
2003-12,1
